<?xml version="1.0" encoding="UTF-8"?><collection xmlns="http://www.loc.gov/MARC21/slim"><record><leader>00650nam--2200193-i-4500</leader><controlfield tag="001">000014269</controlfield><controlfield tag="002">20161230</controlfield><controlfield tag="005">20161230201030</controlfield><controlfield tag="008">060222s1000------------r-----000-0-rum-d</controlfield><datafield ind1=" " ind2=" " tag="040"><subfield code="a">IFIN-HH</subfield></datafield><datafield ind1=" " ind2=" " tag="041"><subfield code="a">rum</subfield></datafield><datafield ind1=" " ind2=" " tag="080"><subfield code="a">539.4(075.8):621.9(075.8)</subfield></datafield><datafield ind1="1" ind2=" " tag="100"><subfield code="a">Comanescu, Adriana</subfield></datafield><datafield ind1="1" ind2="0" tag="245"><subfield code="a">Mecanica, rezistenta materialelor si organe de masini</subfield><subfield code="b">Pentru subingineri</subfield><subfield code="c">Adriana comanescu, ionel suciu, francisc weber, dinu comanescu, tiberiu manescu, barbu grecu, imre miklos</subfield></datafield><datafield ind1=" " ind2=" " tag="260"><subfield code="a">Bucuresti</subfield><subfield code="b">Editura Didactica Si Pedagogica</subfield><subfield code="c">1982</subfield></datafield><datafield ind1=" " ind2=" " tag="300"><subfield code="a">496 P</subfield></datafield><datafield ind1="1" ind2=" " tag="700"><subfield code="a">Miklos, Imre</subfield></datafield><datafield ind1=" " ind2=" " tag="852"><subfield code="a">70486</subfield><subfield code="c">539.4</subfield></datafield><datafield ind1=" " ind2=" " tag="CAT"><subfield code="a">Sys</subfield><subfield code="c">20130129</subfield><subfield code="h">162557</subfield></datafield></record></collection>